<?xml version="1.0" encoding="UTF-8"?><collection xmlns="http://www.loc.gov/MARC21/slim"><record><leader>00412nam--2200133-i-4500</leader><controlfield tag="001">000001437</controlfield><controlfield tag="002">20161230</controlfield><controlfield tag="005">20161230201024</controlfield><controlfield tag="008">060222s1000------------r-----000-0-eng-d</controlfield><datafield ind1=" " ind2=" " tag="080"><subfield code="a">621.039.58(083):621.311.2(083)</subfield></datafield><datafield ind1=" " ind2=" " tag="245"><subfield code="a">Establishing the quality assurance programme for a nuclear power plant project.a safety guide</subfield></datafield><datafield ind1=" " ind2=" " tag="260"><subfield code="a">Vienna, Iaea, 1984. 44 P</subfield></datafield><datafield ind1=" " ind2=" " tag="490"><subfield code="a">Safety Series Nr.50-sg-qa1</subfield></datafield><datafield ind1=" " ind2=" " tag="852"><subfield code="a">11497</subfield></datafield></record></collection>